<record><leader>00000cas a22000007a 4500</leader><controlfield tag="001">10922165</controlfield><controlfield tag="008">840706d18801903vaudr ne      0    0eng d</controlfield><datafield ind1=" " ind2=" " tag="010"><subfield code="a">sn 84024625 </subfield></datafield><datafield ind1=" " ind2=" " tag="040"><subfield code="a">NPV</subfield><subfield code="b">eng</subfield><subfield code="c">NPV</subfield><subfield code="d">DLC</subfield><subfield code="d">NYS</subfield><subfield code="d">CNK</subfield><subfield code="d">NVK</subfield><subfield code="d">OCLCQ</subfield><subfield code="d">NVK</subfield></datafield><datafield ind1=" " ind2=" " tag="042"><subfield code="a">msc</subfield></datafield><datafield ind1=" " ind2=" " tag="043"><subfield code="a">n-us-va</subfield></datafield><datafield ind1="0" ind2="0" tag="050"><subfield code="a">Newspaper 10028-X</subfield></datafield><datafield ind1="0" ind2=" " tag="130"><subfield code="a">Daily advance (Lynchburg, Va. : 1880)</subfield></datafield><datafield ind1="1" ind2="4" tag="245"><subfield code="a">The Daily advance.</subfield></datafield><datafield ind1=" " ind2=" " tag="260"><subfield code="a">Lynchburg, Va. :</subfield><subfield code="b">[s.n.]</subfield></datafield><datafield ind1=" " ind2=" " tag="300"><subfield code="a">v. :</subfield><subfield code="b">ill. (chiefly advertisements) ;</subfield><subfield code="c">60 cm.</subfield></datafield><datafield ind1=" " ind2=" " tag="310"><subfield code="a">Daily</subfield></datafield><datafield ind1="1" ind2=" " tag="362"><subfield code="a">Began with May 6, 1880 issue; ceased in 1903.</subfield><subfield code="z">Cf. Cappon, L.J. Virginia newspapers, 1821-1935.</subfield></datafield><datafield ind1=" " ind2=" " tag="500"><subfield code="a">Editor: 1880-May 1882, T. Whitehead.--Aug. 1885-1892, R.H. Glass.--1892, R. Haydn.--1892-1894, S.H. Miller. Cf. Cappon, L.J. Va. newspapers.</subfield></datafield><datafield ind1=" " ind2=" " tag="500"><subfield code="a">Selected editions on Virginia Chronicle.</subfield></datafield><datafield ind1=" " ind2=" " tag="500"><subfield code="a">Issues on Virginia Chronicle were provided by the Huntington Library, San Marino, Ca.</subfield></datafield><datafield ind1=" " ind2=" " tag="530"><subfield code="a">Also available online.</subfield></datafield><datafield ind1=" " ind2=" " tag="580"><subfield code="a">Cappon also suggests daily ed. published as Advance since 1907, but could have been fluctuating title since issues 1927-1986 published as Daily advance (Lynchburg, Va. : 1927).</subfield></datafield><datafield ind1=" " ind2=" " tag="588"><subfield code="a">Description based on: Vol. 2, no. 150 (Oct. 26, 1881).</subfield></datafield><datafield ind1=" " ind2=" " tag="752"><subfield code="a">United States</subfield><subfield code="b">Virginia</subfield><subfield code="d">Lynchburg.</subfield></datafield><datafield ind1="0" ind2=" " tag="775"><subfield code="t">Weekly advance (Lynchburg, Va.)</subfield><subfield code="w">(DLC)sn 85034359</subfield></datafield><datafield ind1="0" ind2=" " tag="775"><subfield code="t">Semi-weekly advance</subfield><subfield code="w">(DLC)sn 95079074</subfield></datafield><datafield ind1="0" ind2="0" tag="785"><subfield code="t">Daily evening advance (Lynchburg, Va.)</subfield><subfield code="w">(DLC)sn2007060563</subfield></datafield><datafield ind1="1" ind2=" " tag="787"><subfield code="t">Advance (Lynchburg, Va.)</subfield></datafield><datafield ind1="1" ind2=" " tag="787"><subfield code="t">Daily advance (Lynchburg, Va. : 1927)</subfield><subfield code="w">(DLC)sn 91066507</subfield></datafield><datafield ind1="4" ind2="1" tag="856"><subfield code="u">www.virginiachronicle.com</subfield></datafield><datafield ind1="1" ind2=" " tag="029"><subfield code="a">AU@</subfield><subfield code="b">000020335483</subfield></datafield></record>